[gd_scene load_steps=6 format=1]

[ext_resource path="res://assets/textures/menu grid/grids/Grid 5x5.tex" type="Texture" id=1]
[ext_resource path="res://assets/textures/menu grid/Grid Bitmask.pbm" type="BitMap" id=2]
[ext_resource path="res://scripts/data/Menu Grid.gd" type="Script" id=3]
[ext_resource path="res://assets/textures/menu grid/grids/5x5 Header.tex" type="Texture" id=4]
[ext_resource path="res://scenes/data/Menu Grid Dot.tscn" type="PackedScene" id=5]

[node name="Grid 5x5" type="TextureButton"]

focus/ignore_mouse = false
focus/stop_mouse = true
size_flags/horizontal = 2
size_flags/vertical = 2
margin/left = -450.0
margin/top = -350.0
margin/right = 457.0
margin/bottom = 350.0
toggle_mode = false
enabled_focus_mode = 2
shortcut = null
textures/normal = ExtResource( 1 )
textures/click_mask = ExtResource( 2 )
params/resize_mode = 0
params/stretch_mode = 0
script/script = ExtResource( 3 )

[node name="Grid Header" type="Sprite" parent="."]

transform/pos = Vector2( -10, -50 )
texture = ExtResource( 4 )
centered = false
__meta__ = {
"_edit_lock_": true
}

[node name="Grid Dots" type="Node2D" parent="."]

transform/pos = Vector2( 210, 905 )
transform/rot = 90.0
__meta__ = {
"_edit_lock_": true
}

[node name="Menu Grid Dot" parent="Grid Dots" instance=ExtResource( 5 )]

transform/pos = Vector2( 218, 14 )
transform/scale = Vector2( 0.75, 0.75 )

[node name="Menu Grid Dot5 4" parent="Grid Dots" instance=ExtResource( 5 )]

transform/pos = Vector2( 359, 14 )
transform/scale = Vector2( 0.75, 0.75 )

[node name="Menu Grid Dot55" parent="Grid Dots" instance=ExtResource( 5 )]

transform/pos = Vector2( 499, 14 )
transform/scale = Vector2( 0.75, 0.75 )

[node name="Menu Grid Dot57 2" parent="Grid Dots" instance=ExtResource( 5 )]

transform/pos = Vector2( 639, 14 )
transform/scale = Vector2( 0.75, 0.75 )

[node name="Menu Grid Dot573" parent="Grid Dots" instance=ExtResource( 5 )]

transform/pos = Vector2( 784, 14 )
transform/scale = Vector2( 0.75, 0.75 )

[node name="Menu Grid Dot1" parent="Grid Dots" instance=ExtResource( 5 )]

transform/pos = Vector2( 220, 150 )
transform/scale = Vector2( 0.75, 0.75 )

[node name="Menu Grid Dot5 5" parent="Grid Dots" instance=ExtResource( 5 )]

transform/pos = Vector2( 361, 150 )
transform/scale = Vector2( 0.75, 0.75 )

[node name="Menu Grid Dot56" parent="Grid Dots" instance=ExtResource( 5 )]

transform/pos = Vector2( 501, 150 )
transform/scale = Vector2( 0.75, 0.75 )

[node name="Menu Grid Dot57" parent="Grid Dots" instance=ExtResource( 5 )]

transform/pos = Vector2( 641, 150 )
transform/scale = Vector2( 0.75, 0.75 )

[node name="Menu Grid Dot58" parent="Grid Dots" instance=ExtResource( 5 )]

transform/pos = Vector2( 786, 150 )
transform/scale = Vector2( 0.75, 0.75 )

[node name="Menu Grid Dot2" parent="Grid Dots" instance=ExtResource( 5 )]

transform/pos = Vector2( 220, 290 )
transform/scale = Vector2( 0.75, 0.75 )

[node name="Menu Grid Dot5" parent="Grid Dots" instance=ExtResource( 5 )]

transform/pos = Vector2( 361, 290 )
transform/scale = Vector2( 0.75, 0.75 )

[node name="Menu Grid Dot6" parent="Grid Dots" instance=ExtResource( 5 )]

transform/pos = Vector2( 501, 290 )
transform/scale = Vector2( 0.75, 0.75 )

[node name="Menu Grid Dot7" parent="Grid Dots" instance=ExtResource( 5 )]

transform/pos = Vector2( 641, 290 )
transform/scale = Vector2( 0.75, 0.75 )

[node name="Menu Grid Dot8" parent="Grid Dots" instance=ExtResource( 5 )]

transform/pos = Vector2( 786, 290 )
transform/scale = Vector2( 0.75, 0.75 )

[node name="Menu Grid Dot3" parent="Grid Dots" instance=ExtResource( 5 )]

transform/pos = Vector2( 220, 430 )
transform/scale = Vector2( 0.75, 0.75 )

[node name="Menu Grid Dot5 2" parent="Grid Dots" instance=ExtResource( 5 )]

transform/pos = Vector2( 361, 430 )
transform/scale = Vector2( 0.75, 0.75 )

[node name="Menu Grid Dot53" parent="Grid Dots" instance=ExtResource( 5 )]

transform/pos = Vector2( 501, 430 )
transform/scale = Vector2( 0.75, 0.75 )

[node name="Menu Grid Dot57 3" parent="Grid Dots" instance=ExtResource( 5 )]

transform/pos = Vector2( 641, 430 )
transform/scale = Vector2( 0.75, 0.75 )

[node name="Menu Grid Dot574" parent="Grid Dots" instance=ExtResource( 5 )]

transform/pos = Vector2( 786, 430 )
transform/scale = Vector2( 0.75, 0.75 )

[node name="Menu Grid Dot4" parent="Grid Dots" instance=ExtResource( 5 )]

transform/pos = Vector2( 220, 570 )
transform/scale = Vector2( 0.75, 0.75 )

[node name="Menu Grid Dot5 3" parent="Grid Dots" instance=ExtResource( 5 )]

transform/pos = Vector2( 361, 570 )
transform/scale = Vector2( 0.75, 0.75 )

[node name="Menu Grid Dot54" parent="Grid Dots" instance=ExtResource( 5 )]

transform/pos = Vector2( 501, 570 )
transform/scale = Vector2( 0.75, 0.75 )

[node name="Menu Grid Dot57 4" parent="Grid Dots" instance=ExtResource( 5 )]

transform/pos = Vector2( 641, 570 )
transform/scale = Vector2( 0.75, 0.75 )

[node name="Menu Grid Dot575" parent="Grid Dots" instance=ExtResource( 5 )]

transform/pos = Vector2( 786, 570 )
transform/scale = Vector2( 0.75, 0.75 )


