[gd_scene load_steps=15 format=1]

[ext_resource path="res://scripts/menu/Help.gd" type="Script" id=1]
[ext_resource path="res://assets/materials/1px_expandable_material.tex" type="Texture" id=2]
[ext_resource path="res://scenes/data/Menu Button.tscn" type="PackedScene" id=3]
[ext_resource path="res://assets/fonts/Asimov Theme.tres" type="Theme" id=4]
[ext_resource path="res://assets/textures/pre_board_menu/HOW TO PLAY.tex" type="Texture" id=5]
[ext_resource path="res://assets/textures/pre_board_menu/Find Shapes Desccription.tex" type="Texture" id=6]
[ext_resource path="res://assets/textures/pre_board_menu/Shapes Reference Dot Connections.tex" type="Texture" id=7]
[ext_resource path="res://assets/textures/pre_board_menu/Shapes Reference Dots.tex" type="Texture" id=8]
[ext_resource path="res://assets/textures/pre_board_menu/Reset Score Description.tex" type="Texture" id=9]
[ext_resource path="res://assets/textures/thin seperator.tex" type="Texture" id=10]
[ext_resource path="res://assets/textures/pre_board_menu/MORE POINTS ARE REWARDED PER S.tex" type="Texture" id=11]
[ext_resource path="res://assets/textures/pre_board_menu/SHAPES CAN BE STRETCHED AND RO.tex" type="Texture" id=12]
[ext_resource path="res://assets/textures/pre_board_menu/THE LARGER THE SHAPES THE MOR.tex" type="Texture" id=13]
[ext_resource path="res://assets/textures/pre_board_menu/FIND A HEART TO IMMEDIATELY WI.tex" type="Texture" id=14]

[node name="Help" type="Node2D"]

script/script = ExtResource( 1 )

[node name="Background" type="Sprite" parent="."]

visibility/visible = false
z/z = -2
texture = ExtResource( 2 )
centered = false

[node name="Back" parent="." instance=ExtResource( 3 )]

[node name="Static Menu Icons" type="Node2D" parent="."]

transform/pos = Vector2( 600, 0 )
transform/rot = -90.0

[node name="Reset" type="Button" parent="Static Menu Icons"]

rect/rotation = 90.0
focus/ignore_mouse = false
focus/stop_mouse = true
size_flags/horizontal = 2
size_flags/vertical = 2
theme/theme = ExtResource( 4 )
margin/left = 4.0
margin/top = 80.0
margin/right = 84.0
margin/bottom = 130.0
toggle_mode = false
enabled_focus_mode = 2
shortcut = null
text = "RESET"
flat = true

[node name="Confirm Reset" type="Button" parent="Static Menu Icons"]

visibility/visible = false
rect/rotation = 90.0
focus/ignore_mouse = false
focus/stop_mouse = true
size_flags/horizontal = 2
size_flags/vertical = 2
theme/theme = ExtResource( 4 )
margin/left = 4.0
margin/top = 80.0
margin/right = 86.0
margin/bottom = 130.0
toggle_mode = false
enabled_focus_mode = 2
shortcut = null
text = "CONFIRM"
flat = true

[node name="Cancel Reset" type="Button" parent="Static Menu Icons"]

visibility/visible = false
rect/rotation = 90.0
focus/ignore_mouse = false
focus/stop_mouse = true
size_flags/horizontal = 2
size_flags/vertical = 2
theme/theme = ExtResource( 4 )
margin/left = 4.0
margin/top = 162.0
margin/right = 86.0
margin/bottom = 212.0
toggle_mode = false
enabled_focus_mode = 2
shortcut = null
text = "CANCEL"
flat = true

[node name="Header" type="Sprite" parent="Static Menu Icons"]

transform/pos = Vector2( 80, 56 )
texture = ExtResource( 5 )
centered = false

[node name="Find Shapes Description" type="Sprite" parent="Static Menu Icons"]

transform/pos = Vector2( 183, 56 )
texture = ExtResource( 6 )
centered = false

[node name="Shapes Reference Lines" type="Sprite" parent="Static Menu Icons"]

transform/pos = Vector2( 280, 26 )
texture = ExtResource( 7 )
centered = false

[node name="Shapes Reference Dots" type="Sprite" parent="Static Menu Icons"]

transform/pos = Vector2( 278, 24 )
texture = ExtResource( 8 )
centered = false

[node name="Reset Score Description" type="Sprite" parent="Static Menu Icons"]

transform/pos = Vector2( 28, 416 )
texture = ExtResource( 9 )

[node name="Shapes Reference Seperator 1" type="Sprite" parent="Static Menu Icons"]

transform/pos = Vector2( 250, 14 )
transform/scale = Vector2( 1, 0.95 )
texture = ExtResource( 10 )
centered = false

[node name="Shapes Reference Seperator 2" type="Sprite" parent="Static Menu Icons"]

transform/pos = Vector2( 542, 14 )
transform/scale = Vector2( 1, 0.95 )
texture = ExtResource( 10 )
centered = false

[node name="Seperator 1" type="Sprite" parent="Static Menu Icons"]

transform/pos = Vector2( 52, 14 )
transform/scale = Vector2( 1, 0.95 )
texture = ExtResource( 10 )
centered = false

[node name="Seperator 2" type="Sprite" parent="Static Menu Icons"]

transform/pos = Vector2( 154, 14 )
transform/scale = Vector2( 1, 0.95 )
texture = ExtResource( 10 )
centered = false

[node name="Seperator 3" type="Sprite" parent="Static Menu Icons"]

transform/pos = Vector2( 628, 14 )
transform/scale = Vector2( 1, 0.95 )
texture = ExtResource( 10 )
centered = false

[node name="Seperator 4" type="Sprite" parent="Static Menu Icons"]

transform/pos = Vector2( 690, 14 )
transform/scale = Vector2( 1, 0.95 )
texture = ExtResource( 10 )
centered = false

[node name="Seperator 5" type="Sprite" parent="Static Menu Icons"]

transform/pos = Vector2( 770, 14 )
transform/scale = Vector2( 1, 0.95 )
texture = ExtResource( 10 )
centered = false

[node name="More Points Description" type="Sprite" parent="Static Menu Icons"]

transform/pos = Vector2( 716, 32 )
texture = ExtResource( 11 )
centered = false

[node name="Shapes Can be Stretched Description" type="Sprite" parent="Static Menu Icons"]

transform/pos = Vector2( 570, 36 )
texture = ExtResource( 12 )
centered = false

[node name="Larger Shapes Description" type="Sprite" parent="Static Menu Icons"]

transform/pos = Vector2( 654, 20 )
texture = ExtResource( 13 )
centered = false

[node name="Find Heart" type="Sprite" parent="Static Menu Icons"]

transform/pos = Vector2( 805, 290 )
texture = ExtResource( 14 )

[node name="Current Level Label" type="Label" parent="Static Menu Icons"]

rect/rotation = 90.0
focus/ignore_mouse = true
focus/stop_mouse = true
size_flags/horizontal = 2
size_flags/vertical = 0
margin/left = 120.0
margin/top = 210.0
margin/right = 250.0
margin/bottom = 270.0
percent_visible = 1.0
lines_skipped = 0
max_lines_visible = -1

[node name="AVG Shapes Found Label" type="Label" parent="Static Menu Icons"]

rect/rotation = 90.0
focus/ignore_mouse = true
focus/stop_mouse = true
size_flags/horizontal = 2
size_flags/vertical = 0
margin/left = 340.0
margin/top = 210.0
margin/right = 470.0
margin/bottom = 280.0
percent_visible = 1.0
lines_skipped = 0
max_lines_visible = -1

[connection signal="pressed" from="Back" to="." method="_on_Back_pressed"]

[connection signal="pressed" from="Static Menu Icons/Reset" to="." method="_on_Reset_pressed"]

[connection signal="pressed" from="Static Menu Icons/Confirm Reset" to="." method="_on_Confirm_Reset_pressed"]

[connection signal="pressed" from="Static Menu Icons/Cancel Reset" to="." method="_on_Cancel_Reset_pressed"]


