[gd_scene load_steps=6 format=1]

[ext_resource path="res://scripts/menu/Like.gd" type="Script" id=1]
[ext_resource path="res://assets/materials/1px_expandable_material.tex" type="Texture" id=2]
[ext_resource path="res://scenes/data/Menu Button.tscn" type="PackedScene" id=3]
[ext_resource path="res://assets/fonts/Asimov Theme.tres" type="Theme" id=4]
[ext_resource path="res://assets/textures/thin seperator.tex" type="Texture" id=5]

[node name="Like" type="Node2D"]

script/script = ExtResource( 1 )

[node name="Background" type="Sprite" parent="."]

visibility/visible = false
z/z = -1
texture = ExtResource( 2 )
centered = false

[node name="Back" parent="." instance=ExtResource( 3 )]

[node name="Static Menu Icons" type="Node2D" parent="."]

transform/pos = Vector2( 600, 0 )
transform/rot = -90.0

[node name="Description 1" type="RichTextLabel" parent="Static Menu Icons"]

rect/rotation = 90.0
rect/scale = Vector2( 1.2, 1.2 )
focus/ignore_mouse = false
focus/stop_mouse = true
size_flags/horizontal = 2
size_flags/vertical = 0
theme/theme = ExtResource( 4 )
margin/left = 75.0
margin/top = 300.0
margin/right = 267.0
margin/bottom = 446.0
bbcode/enabled = true
bbcode/bbcode = ""
visible_characters = -1
percent_visible = 1.0

[node name="Description 2" type="RichTextLabel" parent="Static Menu Icons"]

rect/rotation = 90.0
rect/scale = Vector2( 1.2, 1.2 )
focus/ignore_mouse = false
focus/stop_mouse = true
size_flags/horizontal = 2
size_flags/vertical = 0
theme/theme = ExtResource( 4 )
margin/left = 300.0
margin/top = 575.0
margin/right = 763.0
margin/bottom = 867.0
bbcode/enabled = true
bbcode/bbcode = ""
visible_characters = -1
percent_visible = 1.0

[node name="Seperator 1" type="Sprite" parent="Static Menu Icons"]

transform/pos = Vector2( 250, 20.8 )
transform/scale = Vector2( 1, 0.933333 )
texture = ExtResource( 5 )
centered = false

[node name="Seperator 2" type="Sprite" parent="Static Menu Icons"]

visibility/visible = false
transform/pos = Vector2( 550, 20 )
transform/scale = Vector2( 1, 0.933333 )
texture = ExtResource( 5 )
centered = false

[node name="Rate App" parent="." instance=ExtResource( 3 )]

[connection signal="pressed" from="Back" to="." method="_on_Back_pressed"]

[connection signal="pressed" from="Rate App" to="." method="_on_Rate_App_pressed"]


